@book {eh00,
    AUTHOR = {Eisenbud, David and Harris, Joe},
     TITLE = {The geometry of schemes},
    SERIES = {Graduate Texts in Mathematics},
    VOLUME = {197},
 PUBLISHER = {Springer-Verlag, New York},
      YEAR = {2000},
     PAGES = {x+294},
      ISBN = {0-387-98638-3; 0-387-98637-5},
   MRCLASS = {14A15 (14-01 14C05 14H50 14N05)},
  MRNUMBER = {1730819},
MRREVIEWER = {Allen B. Altman},
}

@book {eh16,
    AUTHOR = {Eisenbud, David and Harris, Joe},
     TITLE = {3264 and all that---a second course in algebraic geometry},
 PUBLISHER = {Cambridge University Press, Cambridge},
      YEAR = {2016},
     PAGES = {xiv+616},
      ISBN = {978-1-107-60272-4; 978-1-107-01708-5},
   MRCLASS = {14-01 (14C15 14M15 14N10)},
  MRNUMBER = {3617981},
MRREVIEWER = {Arnaud Beauville},
       DOI = {10.1017/CBO9781139062046},
       URL = {https://doi.org/10.1017/CBO9781139062046},
}

@book {har77,
    AUTHOR = {Hartshorne, Robin},
     TITLE = {Algebraic geometry},
      NOTE = {Graduate Texts in Mathematics, No. 52},
 PUBLISHER = {Springer-Verlag, New York-Heidelberg},
      YEAR = {1977},
     PAGES = {xvi+496},
      ISBN = {0-387-90244-9},
   MRCLASS = {14-01},
  MRNUMBER = {0463157},
MRREVIEWER = {Robert Speiser},
}

@article {ktw04,
    AUTHOR = {Knutson, Allen and Tao, Terence and Woodward, Christopher},
     TITLE = {The honeycomb model of {${\rm GL}_n(\Bbb C)$} tensor products.
              {II}. {P}uzzles determine facets of the
              {L}ittlewood-{R}ichardson cone},
   JOURNAL = {J. Amer. Math. Soc.},
  FJOURNAL = {Journal of the American Mathematical Society},
    VOLUME = {17},
      YEAR = {2004},
    NUMBER = {1},
     PAGES = {19--48},
      ISSN = {0894-0347},
   MRCLASS = {14N15 (05E10 15A69 52B12)},
  MRNUMBER = {2015329},
MRREVIEWER = {Anders Skovsted Buch},
       DOI = {10.1090/S0894-0347-03-00441-7},
       URL = {https://doi.org/10.1090/S0894-0347-03-00441-7},
}
